@book{unitybuch,
  title={Spielentwicklung mit Unity},
  author={Thomas Ebert},
  year={2014},
  publisher={Hanser Verlag}
}

@online{unitydocs,
  title={Unity Manual},
  year={2024},
  url={https://docs.unity3d.com/Manual/index.html},
  note={zuletzt abgerufen am 08.04.2025}
}
